1697 2558
62 87 121 134 12
371 103 416 137 Ρ.
454 104 615 137 oless
652 105 864 138 NAsoms
903 105 1175 139 HEROIDE&

57 211 214 254 Exuet
235 211 348 254 haec
371 211 534 254 reduci
555 212 771 267 clipeum,
793 211 1066 268 galeamque
1088 213 1308 268 resolvet,

116 283 427 340 Excipietque
449 299 532 327 suo
554 299 747 340 corpora
767 284 888 329 lassa
909 286 1031 330 sinu.

58 357 156 399 Nos
179 371 342 400 sumus
363 356 568 400 incertae
584 373 598 410 ;
626 372 710 400 nos
733 358 902 401 anxius
922 359 1078 403 omnia
1100 362 1238 417 cogit,

116 429 244 482 Quae
265 444 462 486 possunt
484 430 601 485 fieri,
627 431 751 474 facta
771 435 938 487 putare
959 433 1112 476 timor,
1405 438 1492 478 150

60 500 186 545 Dum
206 507 364 547 tamen
386 518 514 547 arma
535 519 667 560 geres
689 504 874 548 diverso
896 506 1030 548 miles
1052 506 1101 548 in
1123 507 1251 562 orbe,

117 575 246 628 Quae
270 577 441 620 referat
462 578 624 620 vultus
646 582 716 621 est
737 577 854 621 mihi
876 593 981 622 cera
1000 583 1123 623 tuos.

62 648 144 691 Illi
163 649 431 705 blanditiaS,
457 650 530 693 flli
550 651 639 693 tibi
661 651 823 695 debita
845 651 984 695 verba

119 721 345 778 Dicimus,
371 724 613 780 amplexus
634 725 801 781 accipit
824 726 905 768 illa
927 741 1063 770 meos.

57 795 204 839 Crede
225 797 362 850 mihi,
381 797 488 853 plus
511 802 596 853 est,
623 812 765 854 quam
787 798 911 855 quod
932 800 1149 843 Videatur
1169 800 1337 858 imago,
1403 805 1492 847 155

115 869 254 913 Adde
276 884 443 913 sonum
465 885 613 926 cerae,
637 872 924 916 Protesilaus
946 874 1047 917 erit.

57 941 193 985 Hanc
214 948 389 997 specto,
410 949 639 1000 teneoque
662 945 769 988 sinu
790 961 875 1001 pro
899 947 1097 1003 conjuge
1119 962 1243 991 vero.

113 1016 196 1068 Et,
217 1020 458 1073 tamquam
479 1018 626 1073 possit
647 1017 790 1062 verba
811 1017 999 1072 referre,
1025 1035 1206 1076 queror.

58 1087 147 1132 Per
168 1089 347 1132 reditus
368 1104 627 1147 corpusque
650 1096 801 1146 tuum,
827 1106 930 1136 mea
950 1094 1160 1148 numina,
1180 1095 1307 1150 juro,

118 1163 299 1219 Perque
321 1177 454 1218 pares
474 1165 617 1207 animi
639 1165 942 1222 conjugiique
961 1167 1097 1221 faces,
1403 1172 1491 1213 160

57 1236 253 1294 Perque,
275 1237 400 1293 quod
423 1241 475 1281 ut
496 1237 683 1281 videam
705 1239 830 1281 canis
853 1239 1007 1283 albere
1029 1241 1218 1296 capillis,

115 1310 251 1363 Quod
273 1315 429 1354 tecum
448 1312 594 1367 possis
616 1312 716 1367 ipse
737 1313 923 1366 referre,
947 1318 1102 1369 caput,

58 1382 135 1427 Me
157 1384 246 1427 tibi
269 1388 515 1428 venturam
538 1385 768 1440 comitem,
794 1400 1090 1443 quocumque
1111 1388 1306 1443 vocaris,

115 1457 275 1502 Sive...
304 1458 431 1514 quod
453 1457 547 1502 heu
571 1458 726 1512 timeo,
750 1459 847 1502 sive
869 1464 1104 1515 superstes
1127 1461 1230 1504 eris.

57 1528 239 1573 Ultima
260 1531 479 1575 mandato
500 1531 746 1577 claudetur
767 1532 961 1589 epistola
981 1548 1148 1589 parvo:
1398 1536 1486 1579 165

115 1602 165 1646 Si
187 1604 276 1647 tibi
297 1620 409 1648 cura
427 1605 541 1658 mei,
563 1606 622 1650 sit
644 1606 733 1650 tibi
755 1620 867 1650 cura
886 1605 958 1649 tui
980 1608 991 1649 l
