1697 2558
121 70 150 115 4
583 85 623 117 P.
667 84 826 118 ovmn
863 86 1077 120 NAsoms

117 190 228 233 Non
249 196 405 234 tamen
425 195 480 234 ut
501 192 716 235 Priamus
737 192 971 249 nymphae
994 209 1122 238 socer
1144 209 1237 238 esse
1258 200 1454 252 recuset,

176 264 275 307 Aut
298 263 517 308 Hecubae
538 266 708 309 fuerim
729 267 1064 312 dissimulanda
1083 283 1241 313 nuruS.

117 337 363 393 Dignaque
385 353 487 381 sum
509 343 556 382 et
578 339 712 395 cupio
734 339 833 382 fieri
855 345 1064 385 matrona
1085 343 1307 398 potentis:
1481 346 1538 388 85

177 410 297 452 Sunt
318 411 448 466 mihi,
470 428 585 469 quas
607 414 784 469 possint
805 418 984 470 sceptra
1005 416 1179 470 decere,
1205 432 1384 461 manus.

120 481 219 526 Nec
240 499 327 537 me,
351 485 533 540 faginea
554 488 678 543 quod
699 492 853 530 tecum
874 489 1040 532 fronde
1061 488 1286 544 jacebam,

178 556 374 613 Despice
398 575 408 610 3
429 574 663 616 pm'pureo
686 574 789 603 sum
811 561 956 617 magis
979 566 1088 618 apta
1110 567 1224 606 toro.

118 628 331 686 Denique
353 636 485 675 tutus
507 648 636 676 amor
656 648 785 677 meus
808 639 877 677 est
899 634 988 677 tibi
1013 651 1024 687 3
1046 635 1178 679 nulla
1199 640 1424 692 parantur

173 704 319 758 Bella,
341 718 424 748 nec
444 706 633 750 ultrices
654 707 845 750 advehit
870 708 994 751 unda
1015 712 1147 751 rates.
1481 712 1539 753 90
1583 739 1586 742 ι

117 776 344 833 Tyndaris
365 778 549 821 infestis
571 778 769 835 fugitiva
790 781 1046 836 reposcitur
1067 782 1227 826 armis:

173 852 277 895 Hac
298 852 428 894 venit
450 852 500 894 in
521 853 749 896 thalamos
771 854 878 897 dote
902 855 1101 910 superba
1122 860 1243 898 tuos.

115 922 242 975 Quae
265 924 304 966 si
325 925 386 966 sit
410 923 582 967 Danais
604 924 857 980 reddenda,
879 926 955 969 vel
978 925 1185 970 Hectora
1205 928 1417 980 fratrem,

173 995 262 1039 Vel
284 1010 389 1038 cum
412 995 653 1052 Deiphobo
677 997 1014 1053 Polydamanta
1034 1014 1157 1054 roga.

112 1069 235 1121 Quid
257 1070 407 1125 gravis
430 1070 657 1124 Antenor,
687 1070 898 1113 Priamus
920 1071 1036 1127 quid
1058 1072 1250 1115 suadeat
1276 1072 1388 1128 ipse,
1479 1074 1537 1115 95

170 1143 386 1197 Consule,
409 1144 514 1200 quis
536 1150 661 1188 aetas
683 1145 821 1201 longa
843 1146 1062 1202 magistra
1082 1147 1187 1189 fuit.

109 1216 264 1272 Turpe
286 1218 621 1273 rudimentum,
644 1218 822 1274 patriae
843 1233 1127 1274 praeponere
1153 1224 1346 1276 raptam.

167 1289 317 1332 Causa
338 1290 559 1345 pudenda
579 1294 662 1334 tua
684 1295 773 1343 est3
795 1291 921 1347 justa
943 1292 1016 1334 vir
1036 1307 1165 1335 arma
1186 1297 1356 1335 movet.

108 1363 207 1406 Nec
228 1362 328 1416 tibi,
352 1364 389 1406 si
412 1364 576 1419 sapias,
599 1363 740 1407 fidam
763 1363 985 1420 promitte
1007 1365 1279 1419 Lacaenam,

165 1435 295 1488 Quae
318 1437 378 1479 sit
400 1437 449 1479 in
472 1436 716 1492 amplexus
739 1442 835 1480 tam
859 1438 950 1481 cito
973 1452 1105 1482 versa
1126 1443 1247 1482 tuos.
1452 1441 1538 1482 loo

108 1510 174 1553 Ut
195 1510 346 1552 minor
369 1510 558 1553 Atrides
581 1512 796 1554 temerati
818 1512 1003 1555 foedera
1024 1512 1134 1555 lecti

167 1587 364 1641 Clamat,
391 1591 437 1630 et
460 1593 650 1630 externo
673 1589 822 1631 laesus
845 1604 999 1632 amore
1022 1589 1164 1643 dolet,

108 1659 180 1703 Tu
203 1674 387 1716 quoque
411 1659 640 1703 clamabis.
711 1661 857 1704 Nulla
877 1661 1149 1717 reparabifis
1171 1667 1268 1705 arte

166 1733 310 1776 Laesa
331 1733 558 1789 pudicitia
581 1739 649 1776 est
673 1751 682 1785 3
716 1735 897 1790 deperit
920 1736 1001 1779 illa
1023 1736 1176 1780 semel.

107 1806 256 1849 Ardet
277 1821 430 1849 amore
452 1808 523 1849 tui
545 1807 556 1849 2
589 1808 651 1849 sic
674 1812 720 1850 et
744 1807 989 1852 Menelaon
1014 1809 1201 1852 amavit.
1445 1812 1526 1851 105

166 1881 306 1924 Nunc
326 1881 449 1937 jacet
471 1880 520 1922 in
543 1880 686 1923 viduo
709 1881 924 1925 credulus
946 1882 1026 1926 ille
1047 1887 1161 1926 toro.

106 1952 241 1997 Felix
262 1955 604 2008 Andromache,
630 1960 755 1998 certo
777 1955 895 1999 bene
917 1960 1065 2011 nupta
1086 1956 1255 1998 marito
1272 1959 1288 2003 ,Ε

167 2028 300 2071 Uxor
321 2029 376 2071 ad
401 2029 666 2085 exemplum
691 2030 849 2073 fratris
871 2029 1084 2072 habenda
1104 2030 1188 2072 fui.

105 2102 175 2145 Tu
198 2101 346 2146 levior
366 2102 508 2156 foliis,
531 2109 632 2146 tum
655 2117 759 2146 cum
782 2103 882 2146 sine
903 2103 1108 2159 pondere
1131 2103 1231 2146 suci

163 2173 419 2218 Mobilibus
442 2177 595 2219 ventis
617 2177 748 2220 arida
769 2176 891 2220 facta
912 2176 1085 2220 volant.
1436 2162 1523 2219 11'0

107 2247 166 2290 Et
190 2248 344 2291 minus
366 2253 434 2292 est
456 2249 505 2291 in
527 2254 589 2303 te,
615 2264 755 2305 quam
778 2265 958 2293 summa
978 2249 1162 2306 pondus
1184 2250 1338 2304 arista,

166 2320 292 2372 Quae
315 2320 430 2363 levis
453 2321 652 2384 assiduis
673 2321 848 2364 solibus
872 2326 978 2364 usta
1000 2321 1130 2377 riget.
