1697 2558
561 115 830 150 HERomEs.
903 116 1053 151 EPIST.
1093 116 1139 151 V.
1553 109 1578 153 5

156 220 257 267 Hoc
278 228 375 279 tua,
398 239 508 268 nam
528 223 693 278 recolo,
716 223 955 279 quondam
975 238 1194 280 germana
1218 225 1429 281 canebat,

213 297 288 340 Sic
309 297 425 339 mihi
447 295 629 339 diffusis
650 296 903 339 vaticinata
924 296 1066 340 comis

153 371 166 391 ⁴
180 368 299 421 Quid
316 368 444 424 facis,
465 369 682 412 Oenone?
705 367 829 420 Quid
842 383 1006 412 arenae
1020 368 1199 413 semina
1212 371 1404 415 mandas
1415 371 1431 415 ’ζ
1495 373 1577 415 115

212 442 322 484 Non
343 440 619 497 profecturis
642 441 801 484 littora
820 440 972 484 bubus
993 455 1108 486 aras,

152 514 299 557 Graia
312 513 516 570 ,juvenca
537 514 682 568 venit,
706 527 825 569 quae
850 517 898 556 te
919 513 1214 570 patriamque
1236 515 1523 572 domumque

171 633 173 635 r
213 588 388 631 Perdat
412 589 421 630 !
455 587 500 629 io
522 586 717 643 prohibe
743 589 750 630 !
785 587 927 630 Graia
942 586 1144 643 juvenca
1165 589 1296 632 venit
1321 592 1329 633 !

156 660 283 704 Dum
304 661 427 717 licet,
453 661 696 706 obscenam
719 664 864 717 ponto
887 660 1142 716 demergite
1163 663 1359 718 puppim
1383 665 1392 706 !

214 736 339 789 Heu,
365 742 596 791 quantum
618 733 816 790 Phrygii
838 733 1074 790 sanguinis
1095 734 1174 777 illa
1194 733 1326 778 vehit
1350 735 1375 778 Γ
1497 738 1582 779 120

156 807 354 852 Dixerat
375 824 384 861 3
417 809 467 851 in
490 822 629 852 cursu
650 807 853 851 famulae
874 821 1074 863 rapuere
1096 806 1343 852 furentem.

213 881 280 924 At
302 880 419 924 mihi
440 882 664 924 flaventes
686 880 920 935 diriguere
941 894 1110 923 comae.

155 955 231 997 Ah
254 957 262 998 ἕ
294 953 491 996 nimium
515 953 710 996 miserae
733 956 862 996 vates
884 953 1000 996 mihi
1022 968 1133 996 vera
1153 954 1298 998 fuisti.

214 1028 446 1081 Possidet,
469 1041 541 1082 en,
563 1028 709 1070 saltus
731 1026 871 1070 Graia
891 1026 1090 1070 iuvenca
1111 1043 1237 1071 meos
1262 1030 1270 1072 Ξ

155 1101 230 1145 Sit
251 1101 366 1145 facie
387 1101 606 1157 quamvis
629 1100 842 1156 insignis,
868 1099 1081 1144 adultera
1102 1105 1225 1145 certe
1248 1105 1329 1145 est.
1500 1105 1584 1146 125

218 1174 440 1218 Deseruit
463 1174 608 1218 socios
629 1174 811 1230 hospite
832 1178 969 1230 capta
989 1174 1111 1218 deos.

157 1247 293 1291 Iliam
315 1248 373 1291 de
395 1248 549 1304 patria
571 1247 793 1298 Theseus,
815 1247 907 1290 nisi
927 1247 1116 1290 nomine
1139 1247 1289 1303 fallor,

215 1321 386 1364 Nescio
407 1319 514 1376 quis
536 1320 743 1363 Theseus
765 1319 962 1362 abstulit
981 1327 1090 1362 ante
1112 1334 1204 1364 sua„

153 1397 197 1439 A
214 1399 388 1455 juvene
409 1400 458 1440 et
478 1395 652 1452 cupido
675 1396 891 1440 credatur
912 1395 1096 1439 reddita
1116 1397 1245 1453 virgo
1264 1398 1279 1441 2

214 1471 354 1515 Unde
375 1471 463 1514 hoc
487 1469 787 1525 compererim
810 1473 904 1512 tam
929 1468 1057 1519 bene,
1078 1469 1266 1525 quaeris
1286 1471 1301 1514 2
1333 1486 1448 1515 amo.
1503 1475 1585 1517 130

154 1545 266 1589 Vim
287 1546 397 1589 licet
419 1545 638 1601 appelles,
665 1548 713 1587 et
733 1545 916 1600 culpam
937 1544 1124 1587 nomine
1147 1544 1291 1589 veles:

214 1620 343 1672 Quae
364 1619 537 1662 totiens
560 1623 695 1674 rapta
714 1622 799 1672 est,
826 1617 1043 1673 praebuit
1064 1618 1165 1674 ipsa
1186 1617 1301 1674 rapi.

156 1694 222 1737 At
242 1697 400 1736 manet
421 1693 611 1737 Oenone
631 1693 815 1736 fallenti
838 1696 963 1736 casta
984 1692 1169 1735 marito:

216 1765 276 1807 Et
296 1769 480 1822 poteras
501 1765 601 1808 falli
623 1764 799 1821 legibus
822 1766 919 1821 ipse
941 1765 1049 1808 tuis,

154 1838 240 1883 Me
264 1837 419 1895 Satyri
441 1839 625 1893 celeres,
643 1832 782 1881 'silvis
805 1852 887 1894 ego
909 1842 1032 1882 tecta
1052 1837 1270 1893 latebam,
1501 1840 1585 1882 135

213 1913 526 1966 Quaesierunt
546 1912 724 1969 rapido,
749 1913 887 1956 turba
908 1916 1137 1968 proterva,
1163 1913 1299 1968 pede,

154 1986 553 2043 Cornigerumque
575 1991 715 2042 caput
738 1987 853 2042 pinu
875 1986 1166 2042 praecinctus
1187 1989 1320 2029 acuta

216 2060 418 2113 Faunus,
441 2058 490 2102 in
513 2060 751 2103 immensis
772 2075 865 2116 qua
889 2063 1042 2103 tumet
1064 2060 1152 2102 Ida
1172 2058 1307 2115 jugis

157 2131 241 2175 Me
263 2131 354 2176 fide
375 2133 653 2189 conspicuus
675 2133 843 2189 Trojae
865 2133 1073 2176 munitor
1094 2132 1280 2175 amavit.
1505 2133 1586 2173 139

218 2205 517 2261 Admisitque
541 2220 665 2250 meas
688 2206 746 2249 ad
769 2221 852 2249 sua
874 2206 995 2249 dona
1016 2219 1192 2248 manus.
1501 2205 1582 2243 145

156 2278 490 2334 Quaecumque
510 2278 655 2323 herba
675 2283 839 2335 potens
861 2279 919 2322 ad
951 2294 1086 2335 opem
1111 2277 1340 2333 radixque
1362 2274 1578 2318 medendi

218 2352 362 2397 Utilis
384 2354 432 2396 in
455 2357 554 2396 toto
576 2354 780 2397 nascitur
801 2354 925 2406 orbe,
953 2368 1055 2396 mea
1077 2356 1157 2395 est.

853 2414 877 2441 0

855 2442 877 2451 a.
