1697 2558
531 105 794 138 Hassomms.
872 106 1020 140 EPIST.
1062 104 1171 136 xm.
1524 93 1550 137 9

127 218 357 272 Venerat,
384 222 438 260 ut
459 216 581 260 fama
603 221 688 271 est,
715 216 865 259 multo
888 213 1150 270 spectabilis
1172 225 1298 267 auro,

187 291 374 347 Quique
396 305 478 334 suo
501 290 725 346 Phrygias
746 303 932 345 corpore
952 288 1094 330 ferret
1114 300 1242 341 opes,

129 363 289 407 Classe
311 364 516 420 virisque
539 367 720 420 potens,
747 376 828 419 per
849 376 968 418 quae
987 361 1088 403 fera
1109 357 1232 401 bella
1252 361 1494 414 geruntur,

187 437 251 480 Et
273 437 484 493 sequitur
503 436 634 492 regni
656 450 760 492 pars
782 439 924 492 quota
955 447 1190 490 quemque
1213 430 1285 474 sui
1303 431 1318 474 Ἰ
1499 433 1556 475 60

132 508 220 552 His
243 525 326 566 ego
348 514 395 553 te
418 510 603 564 victam,
628 524 817 552 consors
841 508 1022 551 Ledaea
1043 504 1265 563 gemellis,

187 583 432 639 Suspicor3
453 584 568 627 haec
591 583 764 626 Danais
786 596 916 638 posse
937 594 1102 624 nocere
1124 586 1250 635 puto.

124 663 331 706 Hectora
352 663 504 706 nescio
527 678 667 718 quem
688 662 851 704 timeo:
885 659 1015 703 Paris
1038 660 1244 702 Hectora
1267 657 1392 701 dixit

181 736 352 780 Ferrea
373 737 626 792 sanguinea
647 736 769 779 bella
791 749 976 778 movere
998 746 1158 775 manu.

123 809 342 864 Hectora,
369 809 580 865 quisquis
602 810 641 852 is
665 813 748 861 est,
776 808 814 850 si
835 822 937 850 sum
959 807 1048 849 tibi
1071 820 1189 859 cara,
1216 806 1399 846 caveto:
1491 803 1549 845 65

181 882 430 938 Signatum
451 882 645 925 memori
666 886 852 938 pectore
873 895 1046 923 nomen
1067 879 1198 921 habe.

122 955 262 1000 Hunc
284 956 366 999 ubi
387 956 564 1008 vitaris,
587 956 700 998 alios
723 955 871 997 vitare
893 956 1142 1007 memento,

179 1030 242 1072 Et
265 1030 437 1072 multos
459 1028 555 1072 illic
578 1029 808 1071 Hectoras
831 1041 926 1070 esse
947 1031 1079 1082 puta:

125 1102 187 1145 Et
209 1103 349 1146 facito
370 1106 424 1145 ut
445 1102 585 1156 dicas,
611 1102 828 1158 quotiens
851 1115 1057 1157 pugnare
1079 1097 1279 1155 parabis,
1307 1109 1312 1112 ·

180 1178 191 1198 ‘
212 1176 409 1219 Parcere
431 1189 506 1218 me
526 1175 666 1231 jussit
691 1174 939 1217 Laodamia
960 1172 1077 1216 sibi?
1492 1167 1550 1213 70

120 1249 172 1292 Si
195 1250 359 1293 cadere
382 1247 597 1304 Argolico
618 1249 689 1290 fas
712 1251 781 1290 est
803 1247 888 1289 sub
911 1246 1061 1289 milite
1083 1244 1292 1300 Trojam,

176 1321 243 1365 Te
265 1337 453 1378 quoque
474 1335 567 1365 non
589 1322 740 1364 ullum
763 1321 936 1363 vulnus
959 1319 1160 1362 habente
1183 1316 1328 1361 cadat.

115 1394 302 1451 Pugnet
324 1399 371 1439 et
395 1395 612 1438 adversos
634 1394 799 1437 tendat
824 1392 1063 1436 Menelaus
1086 1392 1133 1434 in
1156 1392 1334 1434 hostes:

180 1468 249 1512 Ut
272 1467 425 1524 rapiat
448 1468 621 1522 Paridi,
649 1481 791 1523 quam
812 1467 945 1509 Paris
967 1470 1073 1509 ante
1095 1464 1193 1508 Sibi.

118 1545 278 1589 Irruat
302 1561 312 1598 ;
345 1549 392 1589 et
415 1559 549 1589 causa
572 1558 712 1600 quem
734 1543 883 1587 vincit
905 1548 952 1586 et
974 1543 1125 1586 armis.
1490 1539 1546 1582 75

183 1618 410 1661 Hostibus
432 1634 458 1661 e
479 1617 648 1661 mediis
668 1621 816 1672 nupta
837 1617 1040 1672 petenda
1061 1616 1162 1659 viro
1185 1619 1273 1658 est.

122 1692 275 1735 Causa
295 1695 380 1734 tua
400 1695 472 1735 est
494 1691 662 1747 dispar.
691 1691 762 1733 Tu
785 1694 968 1732 tantum
995 1688 1150 1732 vivere
1171 1703 1343 1744 pugna,

181 1765 331 1821 Inque
352 1763 453 1820 pios
475 1764 690 1807 dominae
712 1777 846 1819 posse
869 1762 1022 1806 redire
1046 1763 1187 1806 sinus.

120 1837 318 1892 Parcite,
345 1836 655 1890 Dardanidae,
683 1836 741 1879 de
762 1840 848 1889 tot,
875 1850 1049 1891 precor,
1075 1835 1287 1878 hostibus
1309 1834 1407 1887 uni,

177 1911 251 1955 Ne
273 1924 403 1955 meus
426 1925 484 1954 ex
505 1909 588 1953 illo
610 1924 797 1966 corpore
820 1910 1008 1966 sanguis
1031 1913 1118 1953 eat.
1483 1909 1540 1949 80

116 1984 228 2028 Non
249 1987 334 2040 est,
357 1998 494 2041 quem
517 1984 680 2027 deceat
702 1983 830 2026 nudo
853 1996 1125 2026 concurrere
1147 1983 1285 2035 ferro,

177 2057 416 2114 Saevaque
442 2057 491 2099 in
513 2056 748 2113 oppositos
770 2060 958 2111 pectora
978 2057 1099 2098 ferre
1123 2055 1259 2098 viros.

114 2130 305 2174 Fortius
326 2130 407 2173 ille
427 2133 581 2186 potest
604 2129 770 2183 multo,
797 2144 937 2185 quam
960 2132 1153 2185 pugnat,
1176 2142 1341 2171 amare.

176 2202 308 2247 Bella
327 2206 491 2259 gerant
513 2202 612 2246 alii:
647 2201 929 2246 Protesilaus
952 2206 1085 2245 amet.
1132 2218 1135 2222 ’

117 2276 259 2320 Nunc
278 2276 430 2319 fateor
450 2291 460 2328 ;
491 2275 620 2319 volui
640 2289 868 2329 revocare,
891 2275 1166 2331 animusque
1187 2263 1378 2318 ferebat.
1478 2277 1534 2316 85

177 2348 401 2394 Substitit
419 2348 610 2406 auspicii
634 2349 793 2406 lingua
813 2349 980 2392 timore
1002 2348 1122 2392 mali.
