<?xml version="1.0" encoding="UTF-8"?>
<!DOCTYPE html PUBLIC "-//W3C//DTD XHTML 1.0 Transitional//EN"
    "http://www.w3.org/TR/xhtml1/DTD/xhtml1-transitional.dtd">
<html xmlns="http://www.w3.org/1999/xhtml" xml:lang="en" lang="en">
 <head>
  <title>
</title>
<meta http-equiv="Content-Type" content="text/html;charset=utf-8" />
  <meta name='ocr-system' content='tesseract 3.04.00' />
  <meta name='ocr-capabilities' content='ocr_page ocr_carea ocr_par ocr_line ocrx_word'/>
</head>
<body>
  <div class='ocr_page' id='page_1' title='image "./povidiinasonishe00ovid_0017.png"; bbox 0 0 1697 2558; ppageno 0'>
   <div class='ocr_carea' id='block_1_1' title="bbox 340 345 1335 570">
    <p class='ocr_par' dir='ltr' id='par_1_1' title="bbox 340 345 1335 570">
     <span class='ocr_line' id='line_1_1' title="bbox 340 345 1335 414; baseline 0.001 -1"><span class='ocrx_word' id='word_1_1' title='bbox 340 347 414 413; x_wconf 89' lang='lat' dir='ltr'>P.</span> <span class='ocrx_word' id='word_1_2' title='bbox 473 346 812 413; x_wconf 88' lang='lat' dir='ltr'>OVIDII</span> <span class='ocrx_word' id='word_1_3' title='bbox 876 345 1335 414; x_wconf 81' lang='lat' dir='ltr'>NASONIS</span> 
     </span>
     <span class='ocr_line' id='line_1_2' title="bbox 458 505 1197 570; baseline 0.004 -3"><span class='ocrx_word' id='word_1_4' title='bbox 458 505 1197 570; x_wconf 60' lang='lat' dir='ltr'><strong>HEROIDEQ-</strong></span> 
     </span>
    </p>
   </div>
   <div class='ocr_carea' id='block_1_2' title="bbox 755 623 914 628">
    <p class='ocr_par' dir='ltr' id='par_1_2' title="bbox 755 623 914 628">
     <span class='ocr_line' id='line_1_3' title="bbox 755 623 914 628; baseline 0 0"><span class='ocrx_word' id='word_1_5' title='bbox 755 623 914 628; x_wconf 95' lang='lat' dir='ltr'> </span> 
     </span>
    </p>
   </div>
   <div class='ocr_carea' id='block_1_3' title="bbox 374 681 1303 728">
    <p class='ocr_par' dir='ltr' id='par_1_3' title="bbox 374 681 1303 728">
     <span class='ocr_line' id='line_1_4' title="bbox 374 681 1303 728; baseline 0.002 -3"><span class='ocrx_word' id='word_1_6' title='bbox 374 682 571 727; x_wconf 85' lang='lat' dir='ltr'>EPIST.</span> <span class='ocrx_word' id='word_1_7' title='bbox 618 681 1012 726; x_wconf 83' lang='lat' dir='ltr'>V.—OENONE</span> <span class='ocrx_word' id='word_1_8' title='bbox 1062 683 1303 728; x_wconf 85' lang='lat' dir='ltr'>PARIDI.</span> 
     </span>
    </p>
   </div>
   <div class='ocr_carea' id='block_1_4' title="bbox 101 783 1547 2404">
    <p class='ocr_par' dir='ltr' id='par_1_4' title="bbox 101 783 1547 2404">
     <span class='ocr_line' id='line_1_5' title="bbox 117 783 1509 841; baseline 0.003 -15"><span class='ocrx_word' id='word_1_9' title='bbox 117 783 322 840; x_wconf 75' lang='lat' dir='ltr'>Perlegis</span> <span class='ocrx_word' id='word_1_10' title='bbox 341 785 355 827; x_wconf 78' lang='lat'><em>2</em></span> <span class='ocrx_word' id='word_1_11' title='bbox 388 800 448 828; x_wconf 90' lang='lat' dir='ltr'>an</span> <span class='ocrx_word' id='word_1_12' title='bbox 471 785 643 840; x_wconf 81' lang='lat' dir='ltr'>conjux</span> <span class='ocrx_word' id='word_1_13' title='bbox 665 784 883 839; x_wconf 76' lang='lat' dir='ltr'>prohibet</span> <span class='ocrx_word' id='word_1_14' title='bbox 905 784 1053 827; x_wconf 71' lang='lat' dir='ltr'>nova?</span> <span class='ocrx_word' id='word_1_15' title='bbox 1084 785 1293 841; x_wconf 79' lang='lat' dir='ltr'>perlege!</span> <span class='ocrx_word' id='word_1_16' title='bbox 1326 800 1418 829; x_wconf 84' lang='lat' dir='ltr'>non</span> <span class='ocrx_word' id='word_1_17' title='bbox 1441 791 1509 830; x_wconf 76' lang='lat' dir='ltr'>est</span> 
     </span>
     <span class='ocr_line' id='line_1_6' title="bbox 175 863 1025 920; baseline 0.002 -15"><span class='ocrx_word' id='word_1_18' title='bbox 175 863 271 907; x_wconf 85' lang='lat' dir='ltr'>Ista</span> <span class='ocrx_word' id='word_1_19' title='bbox 293 865 549 920; x_wconf 82' lang='lat' dir='ltr'>Mycenaea</span> <span class='ocrx_word' id='word_1_20' title='bbox 569 863 707 907; x_wconf 87' lang='lat' dir='ltr'>litera</span> <span class='ocrx_word' id='word_1_21' title='bbox 727 864 849 906; x_wconf 82' lang='lat' dir='ltr'>facta</span> <span class='ocrx_word' id='word_1_22' title='bbox 870 877 1025 907; x_wconf 89' lang='lat' dir='ltr'>manu.</span> 
     </span>
     <span class='ocr_line' id='line_1_7' title="bbox 115 942 1266 1000; baseline 0.003 -15"><span class='ocrx_word' id='word_1_23' title='bbox 115 942 301 999; x_wconf 81' lang='lat' dir='ltr'>Pegasis</span> <span class='ocrx_word' id='word_1_24' title='bbox 324 943 530 999; x_wconf 87' lang='lat' dir='ltr'>Oenone,</span> <span class='ocrx_word' id='word_1_25' title='bbox 560 942 779 1000; x_wconf 78' lang='lat' dir='ltr'>Phrygiis</span> <span class='ocrx_word' id='word_1_26' title='bbox 800 942 1101 987; x_wconf 81' lang='lat' dir='ltr'>celeberrima</span> <span class='ocrx_word' id='word_1_27' title='bbox 1121 943 1266 999; x_wconf 80' lang='lat' dir='ltr'>silvis,</span> 
     </span>
     <span class='ocr_line' id='line_1_8' title="bbox 173 1024 1154 1081; baseline 0.002 -14"><span class='ocrx_word' id='word_1_28' title='bbox 173 1024 316 1068; x_wconf 84' lang='lat' dir='ltr'>Laesa</span> <span class='ocrx_word' id='word_1_29' title='bbox 337 1039 506 1081; x_wconf 85' lang='lat' dir='ltr'>queror</span> <span class='ocrx_word' id='word_1_30' title='bbox 527 1026 585 1068; x_wconf 92' lang='lat' dir='ltr'>de</span> <span class='ocrx_word' id='word_1_31' title='bbox 607 1030 669 1079; x_wconf 84' lang='lat' dir='ltr'>te,</span> <span class='ocrx_word' id='word_1_32' title='bbox 696 1025 736 1068; x_wconf 87' lang='lat' dir='ltr'>si</span> <span class='ocrx_word' id='word_1_33' title='bbox 758 1026 873 1068; x_wconf 88' lang='lat' dir='ltr'>sinis</span> <span class='ocrx_word' id='word_1_34' title='bbox 897 1024 1012 1081; x_wconf 92' lang='lat' dir='ltr'>ipse,</span> <span class='ocrx_word' id='word_1_35' title='bbox 1039 1039 1154 1069; x_wconf 87' lang='lat' dir='ltr'>meo.</span> 
     </span>
     <span class='ocr_line' id='line_1_9' title="bbox 112 1098 1547 1155; baseline 0.003 -15"><span class='ocrx_word' id='word_1_36' title='bbox 112 1098 227 1150; x_wconf 82' lang='lat' dir='ltr'>Quis</span> <span class='ocrx_word' id='word_1_37' title='bbox 249 1098 366 1141; x_wconf 86' lang='lat' dir='ltr'>deus</span> <span class='ocrx_word' id='word_1_38' title='bbox 388 1100 603 1155; x_wconf 81' lang='lat' dir='ltr'>opposuit</span> <span class='ocrx_word' id='word_1_39' title='bbox 625 1099 797 1142; x_wconf 87' lang='lat' dir='ltr'>nostris</span> <span class='ocrx_word' id='word_1_40' title='bbox 820 1113 903 1142; x_wconf 85' lang='lat' dir='ltr'>sua</span> <span class='ocrx_word' id='word_1_41' title='bbox 926 1100 1123 1142; x_wconf 87' lang='lat' dir='ltr'>numina</span> <span class='ocrx_word' id='word_1_42' title='bbox 1145 1100 1266 1144; x_wconf 75' lang='lat' dir='ltr'>votis</span> <span class='ocrx_word' id='word_1_43' title='bbox 1286 1102 1302 1145; x_wconf 74' lang='lat'><em>2</em></span> <span class='ocrx_word' id='word_1_44' title='bbox 1517 1118 1547 1145; x_wconf 61' lang='grc' dir='ltr'><em>υ</em></span> 
     </span>
     <span class='ocr_line' id='line_1_10' title="bbox 172 1171 1350 1227; baseline 0.003 -13"><span class='ocrx_word' id='word_1_45' title='bbox 172 1172 246 1214; x_wconf 88' lang='lat' dir='ltr'>Ne</span> <span class='ocrx_word' id='word_1_46' title='bbox 266 1175 349 1215; x_wconf 85' lang='lat' dir='ltr'>tua</span> <span class='ocrx_word' id='word_1_47' title='bbox 369 1185 679 1227; x_wconf 84' lang='lat' dir='ltr'>permaneam,</span> <span class='ocrx_word' id='word_1_48' title='bbox 702 1172 829 1227; x_wconf 84' lang='lat' dir='ltr'>quod</span> <span class='ocrx_word' id='word_1_49' title='bbox 852 1171 967 1214; x_wconf 89' lang='lat' dir='ltr'>mihi</span> <span class='ocrx_word' id='word_1_50' title='bbox 987 1171 1163 1216; x_wconf 85' lang='lat' dir='ltr'>crimen</span> <span class='ocrx_word' id='word_1_51' title='bbox 1184 1173 1316 1217; x_wconf 88' lang='lat' dir='ltr'>obest</span> <span class='ocrx_word' id='word_1_52' title='bbox 1334 1175 1350 1217; x_wconf 72' lang='lat'><em>2</em></span> 
     </span>
     <span class='ocr_line' id='line_1_11' title="bbox 114 1243 1422 1301; baseline 0.003 -15"><span class='ocrx_word' id='word_1_53' title='bbox 114 1243 319 1299; x_wconf 75' lang='lat' dir='ltr'>Leniter,</span> <span class='ocrx_word' id='word_1_54' title='bbox 346 1259 404 1288; x_wconf 84' lang='lat' dir='ltr'>ex</span> <span class='ocrx_word' id='word_1_55' title='bbox 426 1245 593 1288; x_wconf 85' lang='lat' dir='ltr'>merito</span> <span class='ocrx_word' id='word_1_56' title='bbox 615 1244 838 1301; x_wconf 81' lang='lat' dir='ltr'>quicquid</span> <span class='ocrx_word' id='word_1_57' title='bbox 860 1245 1048 1301; x_wconf 84' lang='lat' dir='ltr'>patiare,</span> <span class='ocrx_word' id='word_1_58' title='bbox 1071 1246 1319 1290; x_wconf 80' lang='lat' dir='ltr'>ferendum</span> <span class='ocrx_word' id='word_1_59' title='bbox 1343 1251 1422 1290; x_wconf 84' lang='lat' dir='ltr'>est.</span> 
     </span>
     <span class='ocr_line' id='line_1_12' title="bbox 171 1320 1242 1376; baseline 0.002 -13"><span class='ocrx_word' id='word_1_60' title='bbox 171 1320 301 1373; x_wconf 80' lang='lat' dir='ltr'>Quae</span> <span class='ocrx_word' id='word_1_61' title='bbox 322 1320 455 1363; x_wconf 86' lang='lat' dir='ltr'>Venit</span> <span class='ocrx_word' id='word_1_62' title='bbox 477 1320 670 1376; x_wconf 85' lang='lat' dir='ltr'>indigne</span> <span class='ocrx_word' id='word_1_63' title='bbox 692 1335 851 1376; x_wconf 82' lang='lat' dir='ltr'>poena,</span> <span class='ocrx_word' id='word_1_64' title='bbox 875 1322 1077 1365; x_wconf 82' lang='lat' dir='ltr'>dolenda</span> <span class='ocrx_word' id='word_1_65' title='bbox 1098 1323 1242 1366; x_wconf 86' lang='lat' dir='ltr'>venit.</span> 
     </span>
     <span class='ocr_line' id='line_1_13' title="bbox 113 1392 1304 1448; baseline 0 -13"><span class='ocrx_word' id='word_1_66' title='bbox 113 1392 338 1436; x_wconf 87' lang='lat' dir='ltr'>Nondum</span> <span class='ocrx_word' id='word_1_67' title='bbox 359 1397 519 1436; x_wconf 83' lang='lat' dir='ltr'>tantus</span> <span class='ocrx_word' id='word_1_68' title='bbox 541 1408 656 1448; x_wconf 86' lang='lat' dir='ltr'>eras,</span> <span class='ocrx_word' id='word_1_69' title='bbox 684 1407 789 1436; x_wconf 87' lang='lat' dir='ltr'>cum</span> <span class='ocrx_word' id='word_1_70' title='bbox 810 1398 858 1437; x_wconf 87' lang='lat' dir='ltr'>te</span> <span class='ocrx_word' id='word_1_71' title='bbox 881 1398 1101 1437; x_wconf 81' lang='lat' dir='ltr'>contenta</span> <span class='ocrx_word' id='word_1_72' title='bbox 1122 1395 1304 1448; x_wconf 76' lang='lat' dir='ltr'>marito,</span> 
     </span>
     <span class='ocr_line' id='line_1_14' title="bbox 169 1465 1544 1523; baseline 0.001 -15"><span class='ocrx_word' id='word_1_73' title='bbox 169 1465 311 1509; x_wconf 75' lang='lat' dir='ltr'>Edita</span> <span class='ocrx_word' id='word_1_74' title='bbox 332 1466 390 1509; x_wconf 87' lang='lat' dir='ltr'>de</span> <span class='ocrx_word' id='word_1_75' title='bbox 412 1480 580 1519; x_wconf 80' lang='lat' dir='ltr'>magno</span> <span class='ocrx_word' id='word_1_76' title='bbox 603 1466 796 1510; x_wconf 84' lang='lat' dir='ltr'>flumine</span> <span class='ocrx_word' id='word_1_77' title='bbox 818 1468 1025 1523; x_wconf 80' lang='lat' dir='ltr'>nympha</span> <span class='ocrx_word' id='word_1_78' title='bbox 1046 1468 1129 1511; x_wconf 85' lang='lat' dir='ltr'>fui.</span> <span class='ocrx_word' id='word_1_79' title='bbox 1487 1473 1544 1511; x_wconf 69' lang='lat'>10</span> 
     </span>
     <span class='ocr_line' id='line_1_15' title="bbox 110 1538 1220 1594; baseline 0.003 -14"><span class='ocrx_word' id='word_1_80' title='bbox 110 1538 202 1591; x_wconf 86' lang='lat' dir='ltr'>Qui</span> <span class='ocrx_word' id='word_1_81' title='bbox 222 1553 348 1582; x_wconf 86' lang='lat' dir='ltr'>nunc</span> <span class='ocrx_word' id='word_1_82' title='bbox 370 1539 650 1591; x_wconf 84' lang='lat' dir='ltr'>Priamides,</span> <span class='ocrx_word' id='word_1_83' title='bbox 672 1538 792 1582; x_wconf 86' lang='lat' dir='ltr'>absit</span> <span class='ocrx_word' id='word_1_84' title='bbox 814 1540 1074 1582; x_wconf 84' lang='lat' dir='ltr'>reverentia</span> <span class='ocrx_word' id='word_1_85' title='bbox 1096 1554 1220 1594; x_wconf 82' lang='lat' dir='ltr'>Vero,</span> 
     </span>
     <span class='ocr_line' id='line_1_16' title="bbox 167 1609 1197 1667; baseline 0.002 -15"><span class='ocrx_word' id='word_1_86' title='bbox 167 1609 338 1654; x_wconf 85' lang='lat' dir='ltr'>Servus</span> <span class='ocrx_word' id='word_1_87' title='bbox 359 1625 479 1662; x_wconf 85' lang='lat' dir='ltr'>eras;</span> <span class='ocrx_word' id='word_1_88' title='bbox 512 1625 646 1654; x_wconf 85' lang='lat' dir='ltr'>servo</span> <span class='ocrx_word' id='word_1_89' title='bbox 668 1609 846 1653; x_wconf 85' lang='lat' dir='ltr'>nubere</span> <span class='ocrx_word' id='word_1_90' title='bbox 869 1612 1075 1667; x_wconf 84' lang='lat' dir='ltr'>nympha</span> <span class='ocrx_word' id='word_1_91' title='bbox 1097 1611 1197 1654; x_wconf 79' lang='lat' dir='ltr'>tuli.</span> 
     </span>
     <span class='ocr_line' id='line_1_17' title="bbox 111 1681 1247 1739; baseline 0.004 -16"><span class='ocrx_word' id='word_1_92' title='bbox 111 1681 257 1737; x_wconf 80' lang='lat' dir='ltr'>Saepe</span> <span class='ocrx_word' id='word_1_93' title='bbox 277 1696 436 1739; x_wconf 87' lang='lat' dir='ltr'>greges</span> <span class='ocrx_word' id='word_1_94' title='bbox 457 1683 581 1726; x_wconf 84' lang='lat' dir='ltr'>inter</span> <span class='ocrx_word' id='word_1_95' title='bbox 600 1682 917 1738; x_wconf 81' lang='lat' dir='ltr'>requievimus</span> <span class='ocrx_word' id='word_1_96' title='bbox 940 1682 1101 1726; x_wconf 89' lang='lat' dir='ltr'>arbore</span> <span class='ocrx_word' id='word_1_97' title='bbox 1122 1685 1247 1738; x_wconf 78' lang='lat' dir='ltr'>tecti,</span> 
     </span>
     <span class='ocr_line' id='line_1_18' title="bbox 165 1753 1272 1810; baseline 0.005 -15"><span class='ocrx_word' id='word_1_98' title='bbox 165 1753 411 1810; x_wconf 76' lang='lat' dir='ltr'>Mixtaque</span> <span class='ocrx_word' id='word_1_99' title='bbox 432 1769 537 1797; x_wconf 86' lang='lat' dir='ltr'>cum</span> <span class='ocrx_word' id='word_1_100' title='bbox 559 1755 683 1797; x_wconf 84' lang='lat' dir='ltr'>foliis</span> <span class='ocrx_word' id='word_1_101' title='bbox 704 1754 921 1810; x_wconf 86' lang='lat' dir='ltr'>praebuit</span> <span class='ocrx_word' id='word_1_102' title='bbox 942 1754 1084 1799; x_wconf 86' lang='lat' dir='ltr'>herba</span> <span class='ocrx_word' id='word_1_103' title='bbox 1105 1763 1272 1800; x_wconf 87' lang='lat' dir='ltr'>torum.</span> 
     </span>
     <span class='ocr_line' id='line_1_19' title="bbox 107 1829 1532 1887; baseline 0.003 -15"><span class='ocrx_word' id='word_1_104' title='bbox 107 1829 253 1886; x_wconf 84' lang='lat' dir='ltr'>Saepe</span> <span class='ocrx_word' id='word_1_105' title='bbox 276 1845 416 1886; x_wconf 87' lang='lat' dir='ltr'>super</span> <span class='ocrx_word' id='word_1_106' title='bbox 436 1834 642 1874; x_wconf 88' lang='lat' dir='ltr'>stramen</span> <span class='ocrx_word' id='word_1_107' title='bbox 664 1831 864 1887; x_wconf 86' lang='lat' dir='ltr'>fenoque</span> <span class='ocrx_word' id='word_1_108' title='bbox 885 1831 1146 1887; x_wconf 72' lang='lat' dir='ltr'>jacentibus</span> <span class='ocrx_word' id='word_1_109' title='bbox 1167 1834 1261 1876; x_wconf 80' lang='lat' dir='ltr'>alto</span> <span class='ocrx_word' id='word_1_110' title='bbox 1482 1839 1532 1876; x_wconf 71' lang='grc'>15</span> 
     </span>
     <span class='ocr_line' id='line_1_20' title="bbox 159 1905 1107 1961; baseline 0.003 -13"><span class='ocrx_word' id='word_1_111' title='bbox 159 1905 366 1948; x_wconf 82' lang='lat' dir='ltr'>Defensa</span> <span class='ocrx_word' id='word_1_112' title='bbox 386 1911 457 1949; x_wconf 90' lang='lat' dir='ltr'>est</span> <span class='ocrx_word' id='word_1_113' title='bbox 478 1906 646 1948; x_wconf 88' lang='lat' dir='ltr'>humili</span> <span class='ocrx_word' id='word_1_114' title='bbox 668 1920 780 1949; x_wconf 86' lang='lat' dir='ltr'>cana</span> <span class='ocrx_word' id='word_1_115' title='bbox 801 1907 970 1961; x_wconf 86' lang='lat' dir='ltr'>pruina</span> <span class='ocrx_word' id='word_1_116' title='bbox 993 1921 1107 1951; x_wconf 81' lang='lat' dir='ltr'>oasa.</span> 
     </span>
     <span class='ocr_line' id='line_1_21' title="bbox 101 1976 1241 2036; baseline 0 -16"><span class='ocrx_word' id='word_1_117' title='bbox 101 1977 217 2030; x_wconf 81' lang='lat' dir='ltr'>Quis</span> <span class='ocrx_word' id='word_1_118' title='bbox 239 1977 328 2020; x_wconf 89' lang='lat' dir='ltr'>tibi</span> <span class='ocrx_word' id='word_1_119' title='bbox 350 1976 638 2021; x_wconf 84' lang='lat' dir='ltr'>monstrabat</span> <span class='ocrx_word' id='word_1_120' title='bbox 661 1977 807 2021; x_wconf 87' lang='lat' dir='ltr'>saltus</span> <span class='ocrx_word' id='word_1_121' title='bbox 828 1978 1076 2022; x_wconf 83' lang='lat' dir='ltr'>venatibus</span> <span class='ocrx_word' id='word_1_122' title='bbox 1097 1985 1241 2036; x_wconf 78' lang='lat' dir='ltr'>aptos,</span> 
     </span>
     <span class='ocr_line' id='line_1_22' title="bbox 156 2051 1153 2108; baseline 0.002 -14"><span class='ocrx_word' id='word_1_123' title='bbox 156 2051 221 2094; x_wconf 87' lang='lat' dir='ltr'>Et</span> <span class='ocrx_word' id='word_1_124' title='bbox 241 2054 418 2108; x_wconf 83' lang='lat' dir='ltr'>tegeret</span> <span class='ocrx_word' id='word_1_125' title='bbox 441 2052 620 2095; x_wconf 85' lang='lat' dir='ltr'>catulos</span> <span class='ocrx_word' id='word_1_126' title='bbox 642 2065 734 2108; x_wconf 86' lang='lat' dir='ltr'>qua</span> <span class='ocrx_word' id='word_1_127' title='bbox 755 2052 854 2095; x_wconf 81' lang='lat' dir='ltr'>fera</span> <span class='ocrx_word' id='word_1_128' title='bbox 876 2066 991 2108; x_wconf 86' lang='lat' dir='ltr'>rupe</span> <span class='ocrx_word' id='word_1_129' title='bbox 1014 2068 1121 2096; x_wconf 86' lang='lat' dir='ltr'>suos</span> <span class='ocrx_word' id='word_1_130' title='bbox 1143 2055 1153 2096; x_wconf 82' lang='lat'>?</span> 
     </span>
     <span class='ocr_line' id='line_1_23' title="bbox 103 2127 1243 2184; baseline 0.003 -14"><span class='ocrx_word' id='word_1_131' title='bbox 103 2127 240 2171; x_wconf 88' lang='lat' dir='ltr'>Retia</span> <span class='ocrx_word' id='word_1_132' title='bbox 260 2141 397 2184; x_wconf 82' lang='lat' dir='ltr'>saepe</span> <span class='ocrx_word' id='word_1_133' title='bbox 419 2141 570 2171; x_wconf 85' lang='lat' dir='ltr'>comes</span> <span class='ocrx_word' id='word_1_134' title='bbox 591 2128 784 2172; x_wconf 84' lang='lat' dir='ltr'>maculis</span> <span class='ocrx_word' id='word_1_135' title='bbox 807 2128 1025 2172; x_wconf 82' lang='lat' dir='ltr'>distincta</span> <span class='ocrx_word' id='word_1_136' title='bbox 1047 2130 1243 2173; x_wconf 79' lang='lat' dir='ltr'>tetendi:</span> 
     </span>
     <span class='ocr_line' id='line_1_24' title="bbox 155 2199 1525 2258; baseline -0.001 -14"><span class='ocrx_word' id='word_1_137' title='bbox 155 2199 302 2256; x_wconf 86' lang='lat' dir='ltr'>Saepe</span> <span class='ocrx_word' id='word_1_138' title='bbox 323 2199 439 2244; x_wconf 85' lang='lat' dir='ltr'>citos</span> <span class='ocrx_word' id='word_1_139' title='bbox 462 2201 533 2257; x_wconf 86' lang='lat' dir='ltr'>egi</span> <span class='ocrx_word' id='word_1_140' title='bbox 554 2215 638 2258; x_wconf 89' lang='lat' dir='ltr'>per</span> <span class='ocrx_word' id='word_1_141' title='bbox 658 2201 768 2258; x_wconf 78' lang='lat' dir='ltr'>juga</span> <span class='ocrx_word' id='word_1_142' title='bbox 789 2201 924 2257; x_wconf 87' lang='lat' dir='ltr'>longa</span> <span class='ocrx_word' id='word_1_143' title='bbox 945 2216 1092 2245; x_wconf 81' lang='lat' dir='ltr'>canes,</span> <span class='ocrx_word' id='word_1_144' title='bbox 1469 2207 1525 2246; x_wconf 74' lang='grc'>24)</span> 
     </span>
     <span class='ocr_line' id='line_1_25' title="bbox 102 2274 1065 2333; baseline 0.001 -15"><span class='ocrx_word' id='word_1_145' title='bbox 102 2274 282 2319; x_wconf 80' lang='lat' dir='ltr'>Incisae</span> <span class='ocrx_word' id='word_1_146' title='bbox 300 2278 488 2318; x_wconf 82' lang='lat' dir='ltr'>servant</span> <span class='ocrx_word' id='word_1_147' title='bbox 510 2290 537 2319; x_wconf 92' lang='lat' dir='ltr'>a</span> <span class='ocrx_word' id='word_1_148' title='bbox 557 2279 602 2319; x_wconf 89' lang='lat' dir='ltr'>te</span> <span class='ocrx_word' id='word_1_149' title='bbox 623 2289 725 2319; x_wconf 84' lang='lat' dir='ltr'>mea</span> <span class='ocrx_word' id='word_1_150' title='bbox 744 2274 935 2318; x_wconf 86' lang='lat' dir='ltr'>nomina</span> <span class='ocrx_word' id='word_1_151' title='bbox 956 2276 1065 2333; x_wconf 85' lang='lat' dir='ltr'>fagi,</span> 
     </span>
     <span class='ocr_line' id='line_1_26' title="bbox 167 2347 1022 2404; baseline 0.002 -14"><span class='ocrx_word' id='word_1_152' title='bbox 167 2347 227 2390; x_wconf 89' lang='lat' dir='ltr'>Et</span> <span class='ocrx_word' id='word_1_153' title='bbox 247 2347 376 2404; x_wconf 84' lang='lat' dir='ltr'>legor</span> <span class='ocrx_word' id='word_1_154' title='bbox 396 2347 583 2391; x_wconf 87' lang='lat' dir='ltr'>Oenone</span> <span class='ocrx_word' id='word_1_155' title='bbox 604 2347 720 2391; x_wconf 84' lang='lat' dir='ltr'>falce</span> <span class='ocrx_word' id='word_1_156' title='bbox 741 2352 902 2392; x_wconf 87' lang='lat' dir='ltr'>notata</span> <span class='ocrx_word' id='word_1_157' title='bbox 922 2353 1022 2392; x_wconf 89' lang='lat' dir='ltr'>tua:</span> 
     </span>
    </p>
   </div>
  </div>
 </body>
</html>
