1697 2558
231 315 430 360 EPIST.
470 315 1028 360 XIII.——LAODAMIA
1069 314 1487 360 PROTESILAO„

139 516 301 570 Mittit,
324 521 371 560 et
393 520 526 573 optat
551 532 724 570 amans,
747 532 840 573 quo
862 517 1083 570 mittitur,
1106 517 1172 559 ire
1197 516 1410 569 salutem,

129 604 132 607 ·
197 590 456 633 Η3011101115
480 589 739 633 Haemonio
764 588 1012 633 Laodamia
1034 590 1147 632 viro.

139 663 311 707 Aulide
333 667 379 707 te
401 664 524 706 fama
545 666 633 717 est,
659 668 800 706 vento
822 663 1068 716 retinente,
1091 662 1279 705 morari:

200 736 276 779 Ah
302 738 310 779 !
342 751 416 779 me
438 751 544 779 cum
566 735 764 791 fugeres,
789 737 866 780 hic
885 736 968 778 ubi
990 739 1160 779 ventus
1184 740 1282 778 erat
1304 735 1317 777 ἰ

141 808 262 852 Τ11111
283 809 402 852 freta
423 809 684 852 debuerant
707 809 874 852 vestris
894 809 1121 852 obsistere
1141 809 1294 851 remis.

201 881 327 924 Illud
350 886 448 925 erat
470 882 617 925 saevis
638 881 756 924 utile
777 886 962 938 tempus
984 882 1131 937 aquis.

139 954 311 998 Oscula
331 955 463 1011 plura
488 955 590 998 viro
612 954 924 1011 mandataque
944 954 1083 1010 plura
1105 955 1357 998 dedissem:

200 1028 261 1071 Et
284 1034 395 1071 sunt
417 1042 536 1084 quae
557 1029 686 1071 volui
708 1028 862 1072 dicere
885 1028 1034 1071 multa
1057 1027 1156 1071 tibi.

141 1102 326 1157 Raptus
349 1116 398 1144 es
418 1101 528 1144 hinc
549 1115 781 1158 1113000115,
809 1106 856 1144 01
879 1102 962 1157 qui
983 1106 1065 1144 tua
1085 1088 1190 1145 vela
1210 1107 1413 1156 vocaret,

203 1173 353 1226 Quem
374 1178 598 1230 cuperent
619 1178 805 1229 nautae,
832 1190 927 1217 non
949 1188 1047 1230 ego,
1074 1179 1243 1218 ventus
1266 1180 1376 1218 erat.
1517 1177 1572 1218 10

145 1245 330 1290 Ventus
352 1251 450 1290 erat
470 1246 625 1290 nautis
647 1251 798 1303 aptus,
825 1262 919 1290 non
942 1252 1077 1303 aptus
1099 1248 1293 1291 amanti:

206 1320 370 1364 Solvor
391 1320 448 1363 ab
471 1321 707 1376 amplexu,
736 1320 1000 1374 Protesilae,
1024 1324 1122 1374 tuo,

147 1394 422 1450 Linguaque
443 1392 708 1436 mandantis
729 1394 871 1436 verba
893 1394 1165 1448 imperfecta
1186 1394 1397 1449 reliquit:

206 1467 302 1509 Vix
323 1467 441 1509 illud
462 1467 597 1522 potui
619 1467 770 1509 dicere
791 1466 925 1509 triste
947 1466 1052 1509 vale.

149 1540 371 1584 Incubuit
395 1539 579 1594 Boreas,
602 1541 887 1596 abreptaque
908 1540 1013 1582 vela
1034 1539 1258 1582 tetendit:
1522 1544 1572 1583 15

206 1614 410 1669 Jamque
429 1628 562 1657 meus
583 1614 719 1668 longe
743 1612 1024 1656 Protesilaus
1042 1617 1151 1656 erat.

148 1686 275 1730 Dum
295 1686 431 1742 potui
451 1690 656 1743 spectare
680 1686 850 1740 virum,
877 1689 1081 1741 spectare
1103 1685 1317 1741 juvabat:

208 1759 417 1815 Sumque
437 1764 545 1802 tuos
567 1759 723 1802 oculos
745 1773 894 1815 usque
918 1762 1075 1802 secuta
1096 1757 1224 1802 meis.

150 1833 219 1877 Ut
239 1837 288 1876 te
308 1847 403 1875 non
424 1836 644 1888 poteram,
666 1839 876 1887 poteram
899 1836 982 1874 tua
1003 1832 1108 1874 vela
1128 1830 1305 1886 videre,

86 1894 91 1898 ⁶
209 1906 331 1950 Vela
351 1905 433 1949 diu
456 1906 615 1949 vultus
636 1904 878 1948 detinuere
900 1919 1040 1948 meos.
1518 1910 1590 1951 20·

125 1980 217 2024 At
237 1983 485 2036 postquam
506 1992 592 2022 nec
613 1982 676 2032 te,
702 1991 785 2020 nec
806 1978 910 2020 vela
931 1978 1114 2033 fugacia
1136 1978 1250 2031 vidi,

95 2038 119 2047 “
210 2052 273 2096 Et
292 2051 420 2109 quod
441 2055 712 2108 spectarem,
734 2051 803 2094 nil
823 2051 916 2093 nisi
937 2054 1107 2106 pontus
1130 2055 1243 2105 erat,

80 2160 93 2167 -
151 2124 258 2169 Lux
277 2139 464 2182 quoque
485 2134 636 2168 tecum
657 2124 788 2178 abiit,
810 2123 1106 2179 tenebrisque
1130 2124 1378 2180 exsanguis
1397 2125 1573 2170 obortis

213 2196 444 2242 Succiduo
465 2196 593 2241 dicor
614 2197 912 2253 procubuisse
934 2211 1069 2252 genu.

155 2268 248 2327 Vix
269 2284 399 2315 socer
419 2269 642 2327 Iphiclus,
668 2270 747 2313 vix
770 2284 844 2312 me
866 2269 1167 2326 grandaevus
1183 2270 1391 2325 Acastus,
1525 2276 1578 2316 25

215 2338 313 2388 Vix
335 2346 485 2387 mater
503 2341 659 2399 gelida
679 2347 856 2386 maesta
876 2343 1037 2385 refecit
1058 2357 1190 2398 aqua.

1543 810 1568 850 CT
