1697 2558
519 96 786 128 HEROIDES.
860 94 1014 128 EPIST.
1057 94 1100 126 V.

92 206 222 249 Aura
242 204 359 248 levis
380 203 532 259 rigido
553 201 807 259 pendentia
828 203 974 244 lintea
994 201 1116 243 malo

151 276 369 331 Suscitat‚
396 281 442 319 et
463 276 601 319 remis
624 279 756 318 eruta
778 278 911 318 canet
934 288 1066 330 aqua.

91 353 356 408 Prosequor
376 350 542 394 infelix
565 349 710 393 oeulis
731 349 953 392 abeuntia
976 348 1094 403 vela,

149 426 251 478 Qua
272 425 396 479 licet,
423 428 470 467 et
491 422 693 467 lacrimis
717 424 881 465 humet
903 436 1043 465 arena
1065 423 1191 465 meis.

94 498 254 553 thue
276 498 396 540 celer
417 496 587 548 venias,
611 495 783 538 virides
808 495 1036 538 Nereidas
1057 509 1153 537 oro:

150 574 336 617 Scilicet
357 578 409 616 ut
431 571 597 622 venias
612 572 662 614 in
684 586 784 614 mea
807 571 979 614 damna
1001 571 1133 613 celer.

92 648 225 693 Votis
248 664 355 705 ergo
377 648 493 691 meis
515 647 595 691 alii
617 647 822 690 rediture
845 647 1010 690 redisti
1030 648 1044 690 2

151 723 241 765 Hei
264 721 394 773 mihi,
420 736 504 777 pro
526 721 626 764 dira
647 721 810 777 pellice
828 719 1000 763 blanda
1021 720 1090 762 fui
1118 723 1125 763 ἕ

92 796 272 852 Aspicit
294 797 574 838 immensum
596 795 741 837 moles
762 794 923 836 nativa
943 794 1251 849 profundum:

154 873 286 915 Mons
308 873 419 915 fuit:
449 871 691 927 aequoreis
712 871 793 913 illa
814 870 991 913 resistit
1013 870 1165 926 aquis:

95 946 218 991 Hine
240 961 321 1002 ego
344 945 448 989 vela
467 950 577 989 tuae
599 945 791 1001 cognovi
812 944 963 1000 prima
984 946 1180 998 carinae,

153 1023 216 1064 Et
238 1020 354 1063 mihi
375 1035 460 1076 per
479 1020 648 1062 fluetus
670 1019 874 1074 impetus
896 1019 965 1061 ire
987 1019 1090 1061 fuit.

94 1094 219 1138 Dum
239 1108 404 1146 moror,
427 1094 476 1135 in
497 1108 679 1136 summa
699 1093 833 1135 fulsit
854 1091 970 1134 mihi
993 1106 1203 1147 purpura
1223 1106 1374 1147 prora.

151 1167 381 1211 Pertimui
404 1183 414 1218 ;
446 1166 599 1210 cultus
619 1180 712 1208 non
737 1169 835 1209 erat
856 1165 934 1208 ille
951 1169 1074 1208 tuus,

90 1242 169 1285 Fit
191 1241 389 1297 propior,
411 1245 650 1295 terrasque
672 1240 762 1282 cita
785 1240 899 1282 ratis
921 1238 1080 1295 attigit
1104 1253 1235 1282 aura:

149 1314 393 1358 Femineas
415 1312 515 1356 vidi
537 1313 672 1356 eorde
695 1316 926 1355 tremente
947 1326 1100 1367 genas.

90 1389 198 1432 Non
223 1387 334 1431 satis
356 1387 404 1430 id
425 1388 577 1430 fuerat
597 1402 607 1439 ;
639 1386 756 1442 quid
777 1386 903 1429 enim
926 1385 1099 1428 furiosa
1122 1385 1363 1428 morabar?

151 1461 387 1503 Haerebat
409 1460 584 1515 gremio
606 1459 756 1515 turpis
779 1459 926 1502 amica
949 1464 1045 1503 tuo.

91 1535 220 1578 Tune
242 1549 350 1577 vero
374 1534 572 1589 rupique
594 1534 723 1576 sinus
746 1537 790 1575 et
807 1537 995 1588 pectora
1016 1532 1192 1588 planxi⁷

151 1607 212 1651 Et
233 1606 359 1651 secui
380 1606 592 1649 madidas
614 1619 770 1661 ungue
792 1605 972 1661 rigente
995 1619 1150 1660 genas,

91 1678 385 1735 Implevique
407 1693 580 1722 sacram
603 1678 813 1734 querulis
837 1678 1094 1720 ululatibus
1118 1678 1248 1720 Iden.

152 1753 269 1796 Illuc
290 1751 373 1795 has
394 1753 609 1795 lacrimas
632 1752 682 1794 in
705 1765 806 1794 mea
827 1765 938 1794 saxa
958 1752 1063 1795 tuli.

93 1826 166 1884 Sic
194 1825 371 1869 Helene
393 1824 561 1877 doleat,
588 1828 866 1880 desertaque
888 1824 1084 1879 conjuge
1107 1824 1273 1879 ploret,

149 1898 371 1954 Quaeque
394 1897 520 1953 prior
541 1895 674 1939 nobis
695 1895 874 1950 intulit,
911 1897 1011 1951 ipsa
1036 1896 1162 1939 ferat.

93 1968 232 2014 Nunc
253 1969 341 2013 tibi
363 1970 647 2013 conveniunt
669 1984 788 2025 quae
810 1973 858 2012 te
880 1984 962 2024 per
983 1974 1141 2023 aperta
1163 1973 1421 2025 sequantur

152 2045 379 2100 Aequora,
402 2042 633 2098 legitimos
655 2041 1009 2097 destituantque
1033 2043 1168 2086 viros.

91 2118 156 2159 At
177 2131 283 2160 cum
298 2130 476 2172 pauper
497 2129 596 2158 eras
618 2120 919 2170 armentaque
943 2119 1096 2170 pastor
1118 2116 1297 2171 agebas,

151 2188 297 2232 Nulla.
317 2188 407 2231 nisi
429 2188 620 2232 Oenone
641 2188 858 2244 pauperis
875 2202 995 2229 uxor
1011 2192 1122 2231 erat.

93 2261 202 2305 Non
224 2275 306 2317 ego
328 2261 471 2304 miror
491 2276 617 2317 opes,
644 2275 727 2304 nee
750 2274 821 2303 me
843 2264 925 2302 tua
947 2261 1069 2315 regia
1092 2262 1258 2315 tangit,

155 2334 254 2378 Nec
276 2334 333 2377 do.
357 2339 426 2377 tot
451 2334 624 2377 Priami
646 2335 774 2377 dicar
796 2338 848 2376 nt
871 2347 962 2376 nna
988 2349 1148 2377 nurus.

1493 84 1502 121 o·

1504 81 1520 123 *5³

1460 351 1514 389 55

1463 723 1521 762 (ΞΟ

1457 1094 1514 1133 623

1465 1460 1523 1501 70

1459 2191 1516 2228 81»
