1697 2558
104 108 133 153 8
567 121 606 157 P.
649 123 810 156 ovum
848 124 1063 158 NASONIS

102 228 314 272 Officium
337 229 488 272 fecere
508 230 653 285 pium,
676 231 758 274 sed
779 230 948 274 inutile
970 232 1126 276 nobisr

160 302 386 357 Indignor
407 303 603 346 miserae
624 318 720 346 non
742 303 931 347 licuisse
949 306 1080 348 mori.

102 375 171 418 Ut
194 375 334 418 rediit
355 375 557 431 animus,
580 377 756 432 pariter
776 376 956 420 rediere
979 377 1173 423 dolores,

157 450 348 494 Pectora
369 450 608 506 legitimus
630 455 754 493 casta
775 450 1028 494 momordit
1050 466 1191 496 amor.

97 525 201 567 Nec
220 523 335 566 mihi
356 524 606 579 pectendos
629 538 738 566 cura
760 527 829 566 est
851 524 1075 579 praebere
1094 524 1300 581 capillos,

154 596 254 640 Nec
275 598 391 640 libet
414 601 583 640 aurata
600 610 791 652 corpora
813 602 942 640 veste
963 598 1078 651 tegi.

96 670 163 715 Ut
185 686 305 726 quas
323 671 572 727 pampinea
591 670 798 725 tetigisse
820 669 1085 727 Bicorniger
1106 671 1242 714 hasta

155 743 376 788 Creditur
395 760 408 796 J
438 744 530 786 huc
552 742 677 795 illuc,
700 757 792 799 qua
812 743 945 786 furor
964 744 1073 800 egit,
1100 758 1164 788 eo.

93 818 393 862 Conveniunt
414 821 584 860 matres
607 815 929 872 Phylaceides,
957 822 1002 860 et
1024 817 1139 860 mihi
1157 818 1375 870 clamant:

161 895 172 916 ‘
189 892 342 935 Indue
364 890 555 946 regales,
584 889 851 944 Laodamia,
878 891 1007 933 sinus
1032 890 1053 933 ζ’

100 967 284 1010 Scilicet
307 965 409 1020 ipsa
430 978 587 1020 geram
610 966 840 1005 saturatas
862 964 1038 1007 murice
1060 963 1210 1018 lanas,

157 1038 290 1082 Bella
311 1038 397 1081 sub
423 1036 578 1079 Iliacis
599 1036 840 1079 moenibus
863 1037 944 1078 ille
961 1041 1089 1093 geret
1109 1037 1120 1080 ἒ

101 1115 209 1171 Ipsa
230 1126 382 1156 comas
405 1114 576 1167 pectar,
599 1110 727 1165 galea
749 1114 886 1166 caput
908 1109 988 1153 ille
1009 1114 1267 1166 premetur:

159 1187 265 1243 Ipsa
285 1199 430 1227 novas
452 1187 620 1237 vestes,
647 1183 764 1225 dura
785 1183 858 1225 vir
879 1197 1007 1226 arma
1028 1182 1145 1226 feret
1165 1183 1181 1226 2

98 1261 201 1313 Qua
221 1270 425 1314 possum,
448 1256 659 1312 squalore
680 1259 787 1298 tuos
809 1256 993 1298 imitata
1014 1255 1192 1298 labores

158 1331 311 1384 Dicar,
335 1338 379 1372 et
402 1329 516 1371 haec
536 1326 650 1371 belli
673 1332 879 1383 tempora
902 1328 1052 1370 tristis
1071 1341 1217 1383 agam.

103 1404 306 1462 Dyspari
327 1401 582 1455 Priamide,
607 1401 777 1443 damno
799 1403 1001 1443 formose
1023 1406 1228 1454 tuorum,

157 1479 273 1522 Tam
295 1478 357 1520 sis
378 1476 525 1518 hostis
547 1475 683 1528 iners,
707 1488 846 1530 quam
868 1475 1019 1517 malus
1041 1475 1208 1530 hospes
1229 1489 1344 1518 eras.

100 1554 198 1596 Aut
219 1558 263 1594 te
285 1549 534 1592 Taenariae
555 1546 721 1590 faciem
744 1547 952 1603 culpasse
975 1548 1182 1601 maritae,

158 1627 256 1668 Aut
277 1623 348 1666 illi
370 1621 536 1665 vellem
558 1620 849 1676 displicuisse
870 1624 1015 1664 tuam.

99 1699 186 1753 Tu,
211 1697 294 1754 qui
316 1711 400 1752 pro
421 1701 555 1751 rapta
577 1694 789 1748 nimium,
819 1693 1046 1748 Menelae,
1073 1693 1270 1747 laboras,

158 1770 251 1814 Hei
274 1770 402 1823 mihi,
426 1783 567 1824 quam
589 1766 752 1810 multis
773 1767 943 1810 flebilis
965 1766 1092 1810 ultor
1112 1767 1202 1810 eris
1225 1770 1233 1810 Ξ

100 1846 175 1899 Di,
201 1858 377 1901 precor,
399 1857 426 1885 a
447 1841 581 1884 nobis
603 1855 740 1883 omen
762 1845 999 1883 removete
1021 1841 1280 1894 sinistrum,

97 1931 105 1936 ·
158 1919 218 1961 Et
241 1931 324 1960 sua
345 1916 424 1958 det
445 1914 604 1957 reduci
626 1914 699 1956 vir
720 1928 852 1956 meus
873 1927 1000 1956 arma
1022 1914 1053 1956 J
1057 1914 1147 1956 ovi.

99 1991 190 2035 Sed
212 1991 370 2042 timeo,
392 1987 608 2044 quotiens
629 1987 772 2030 subiit
796 1986 1059 2030 miserabile
1080 1985 1278 2030 bellum:

157 2064 291 2107 More
312 2062 435 2104 nivis
457 2060 671 2103 lacrimae
693 2060 787 2102 sole
810 2060 1045 2103 madentis
1064 2063 1194 2104 eunt.

99 2139 222 2182 Ilion
245 2139 292 2179 et
315 2134 528 2178 Tenedos
551 2133 811 2189 Simoisque
836 2137 882 2176 et
906 2133 1123 2176 Xanthus
1147 2137 1192 2176 et
1219 2131 1303 2176 Ide

157 2207 366 2254 Nomina
387 2211 497 2250 sunt
519 2207 619 2263 ipso
641 2221 788 2262 paene
809 2206 1022 2249 timenda
1042 2220 1170 2251 sono.

98 2285 194 2327 Nec
215 2296 376 2338 rapere
398 2294 611 2334 ausurus,
638 2280 728 2322 nisi
751 2295 799 2323 se
821 2279 1073 2323 defendere
1096 2283 1263 2335 posset,

158 2358 342 2411 Hospes
365 2358 479 2397 erat.
513 2353 635 2395 vires
655 2358 848 2396 noverat
870 2352 949 2396 ille
972 2367 1088 2396 suas.

844 2494 853 2530 Χι

851 2534 859 2558 x

1460 819 1522 874 35

1472 1185 1534 1224 40

1467 1547 1530 1589 45

1471 1914 1534 1956 50

1470 2279 1496 2320 ιἾ

1501 2279 1530 2318 υ·
